<?xml version="1.0" encoding="UTF-8"?><record xmlns="http://www.loc.gov/MARC21/slim" xmlns:cinclude="http://apache.org/cocoon/include/1.0" xmlns:zs="http://www.loc.gov/zing/srw/">
  <leader>00492nz  a2200145n  4500</leader>
  <controlfield tag="001">no2012080216</controlfield>
  <controlfield tag="003">DLC</controlfield>
  <controlfield tag="005">20120613075035.0</controlfield>
  <controlfield tag="008">120611n| acannaabn          |n aaa     c</controlfield>
  <datafield tag="010" ind1=" " ind2=" ">
    <subfield code="a">no2012080216</subfield>
  </datafield>
  <datafield tag="035" ind1=" " ind2=" ">
    <subfield code="a">(OCoLC)oca09222399</subfield>
  </datafield>
  <datafield tag="040" ind1=" " ind2=" ">
    <subfield code="a">IlMchBWI</subfield>
    <subfield code="b">eng</subfield>
    <subfield code="c">IlMchBWI</subfield>
  </datafield>
  <datafield tag="100" ind1="1" ind2=" ">
    <subfield code="a">Moores, Jennifer</subfield>
  </datafield>
  <datafield tag="670" ind1=" " ind2=" ">
    <subfield code="a">Moores, T. Kayakcraft, c1999:</subfield>
    <subfield code="b">t.p. (Jennifer Moores, photographs) acknowledgments (daughter of author; from Ontario, Canada)</subfield>
  </datafield>
  <datafield tag="670" ind1=" " ind2=" ">
    <subfield code="a">AMICUS, June 11, 2012</subfield>
    <subfield code="b">(hdg.: Moores, Jennifer)</subfield>
  </datafield>
</record>